@InProceedings{BaKe10,
  author =       {Bardenet, R. and K\'{e}gl, B.},
  title =        {Surrogating the surrogate: accelerating {G}aussian {P}rocess
                  optimization with mixtures}, 
  booktitle =    {ICML}, 
  year =         {2010},
}

@Article{Bis95,
  author =       {Bishop, C.},
  title =        {Neural Networks for Pattern Recognition},
  year =         {1995},
  publisher =    {Oxford University Press}
}

@Article{GiDuBaCaRo09,
  author =       {Ginsbourger, D. and Dupuy, D. and Badea, A. and Carraro, L. and Roustant, O.},
  title =        {A note on the choice and the estimation of Kriging models for the analysis of deterministic computer experiments},
  year =         {2009},
  volume =       {25},
  issue =        {2},
  pages =        {115--131}
}

@incollection{Han06,
   author =      {Hansen, N.},
   title =       {The {CMA} evolution strategy: a comparing review},
   booktitle =   {Towards a new evolutionary computation.
                  Advances on estimation of distribution algorithms},
   publisher =   {Springer},
   year =        {2006},
   editor =      {Lozano, J.A. and Larranaga, P. and Inza, I. and
                  Bengoetxea, E.},
   pages =       {75--102}
}

@Article{Jon01,
  author =       {Jones, D.R.},
  title =        {A Taxonomy of Global Optimization Methods 
                  Based on Response Surfaces},
  journal =      {Journal of Global Optimization},
  pages =        {345--383},
  volume =       {21},
  year =         {2001}
}

@book{LaLo01,
  editor =       {P. Larra{\~n}aga and J. Lozano},
  publisher =    {Springer},
  title =        {Estimation of Distribution Algorithms: A New Tool for
                  Evolutionary Computation},
  year =         {2001}
}

@Incollection{MoTiZi78,
  author =       {Mockus, J. and Tiesis, V. and Zilinskas, A.},
  title =        {The application of {B}ayesian methods for seeking the extremum},
  editor =       {Dixon, L.C.W. and Szego, G.P.},
  booktitle =    {Towards Global Optimization},
  publisher =    {North Holland, New York},
  volume =       {2},
  pages =        {117--129},
  year =         {1978}
}

@Book{RaWi06,
  author =       {C.E. Rasmussen and C. Williams},
  title =        {Gaussian Processes
 		 for Machine Learning}},
  publisher =    {MIT Press},
  year =         {2006}
}

@InProceedings{SrKrKaSe10,
  author =       {Srinivas, N. and Krause, A. and Kakade, S. and Seeger, M.},
  title =        {Gaussian Process Optimization in the Bandit Setting: No Regret and Experimental Design},
  booktitle =    {ICML},
  year =         {2010},
}

@Article{ViLaLaBeMa10,
  author = 	 {Vincent, P. and Larochelle, H. and Lajoie, I. and Bengio,
                  Y. and Manzagol P.},
  title = 	 {Stacked Denoising Autoencoders: Learning Useful
                  Representations in a Deep Network with a Local Denoising
                  Criterion},
  journal = 	 {Journal of Machine Learning Research},
  year = 	 {2010},
  volume = 	 {11},
  pages = 	 {3371--3408}
}


@inproceedings{Coates2011,
  title={An Analysis of Single-Layer Networks in Unsupervised Feature Learning},
  author={Coates, A. and Lee, H. and Ng, A.},
  booktitle={Proceedings of the Thirteenth International Conference on Artificial Intelligence and Statistics (AISTATS 2011), JMLR W\&CP},
  year={2011}
}

@article{Pinto-2009,
  author = {Pinto, Nicolas AND Doukhan, David AND DiCarlo, James J. AND Cox, David D.},
  journal = {PLoS Comput Biol},
  publisher = {Public Library of Science},
  title = {A High-Throughput Screening Approach to Discovering Good Forms of Biologically Inspired Visual Representation},
  year = {2009},
  month = {11},
  volume = {5},
  pages = {e1000579},
  number = {11},
}

@Article{ViVaWa06,
  author =       {Villemonteix, J. and Vazquez, E. and Walter, E.},
  title =        {An informational approach to the global optimization of
                  expensive-to-evaluate functions},
  journal =      {Journal of Global Optimization},
  year =         {2006},
  url =          {PDFs/ViVaWa06.pdf}
}

@inproceedings{nipspaper,
    author = {J. Bergstra and R. Bardenet and Y. Bengio and B. K{\'e}gl},
    title = {Algorithms for Hyper-parameter Optimization},
    booktitle = {Proc. of NIPS},
    year = {2011},
    note = {accepted}
}

@incollection{ginsbourger+leriche+carraro:2010,
    author = {D. Ginsbourger and R. {Le Riche} and L. Carraro},
    title = {Kriging is Well-Suited to Parallelize Optimization},
    booktitle = {Computational Intelligence in Expensive Optimization Problems},
    series = {Adaptation, Learning, and Optimization},
    editor = {Tenne, Y. and Goh, C. and Hiot, L. and Ong, Y.},
    publisher = {Springer Berlin Heidelberg},
    volume = 2,
    url = {http://dx.doi.org/10.1007/978-3-642-10701-6_6},
    pages = {131-162},
    doi = {10.1007/978-3-642-10701-6_6},
    year = 2010,
}

@article{hanson+muller+koumoutsakos:2003,
    author = {N. Hansen and S. D. M{\"u}ller and P. Koumoutsakos},
    year={2003},
    title={Reducing the Time Complexity of the Derandomized Evolution Strategy with Covariance Matrix Adaptation ({CMA-ES})},
    journal={Evolutionary Computation},
    volume={11},
    number={1},
    pages={1--18},
    annote={I think this is a good reference for the CMA-ES algorithm.}
}
@article{kleinman+spall+naiman:1999,
    title={Simulation-Based Optimization with Stochastic Approximation Using Common Random Numbers},
    author={N. L. Kleinman and J. C. Spall and D. Q. Naiman},
    year={1999},
    journal={Management Science},
    month={November},
    volume={45},
    number={11},
    pages={1570--1578},
    doi={doi: 10.1287/mnsc.45.11.1570},
    annote = {Citation for finite difference stochastic approximation (FDSA) and
        simultaneous prediction stochastic approximation (SPSA).}
}
@incollection{bubeck+munos+stoltz+szepesvari:2009,
 title = {Online Optimization in {X}-Armed Bandits},
 author = {S. Bubeck and R. Munos and G. Stoltz and C. Szepesvari},
 booktitle = NIPS21,
 editor = NIPS21ed,
 pages = {201--208},
 year = {2009}
}
